%YAML 1.1
%TAG !u! tag:unity3d.com,2011:
--- !u!1 &103900
GameObject:
  m_ObjectHideFlags: 0
  m_PrefabParentObject: {fileID: 0}
  m_PrefabInternal: {fileID: 100100000}
  serializedVersion: 5
  m_Component:
  - component: {fileID: 443132}
  - component: {fileID: 3336054}
  - component: {fileID: 2391972}
  m_Layer: 0
  m_Name: Propeller
  m_TagString: Untagged
  m_Icon: {fileID: 0}
  m_NavMeshLayer: 0
  m_StaticEditorFlags: 0
  m_IsActive: 1
--- !u!1 &117880
GameObject:
  m_ObjectHideFlags: 0
  m_PrefabParentObject: {fileID: 0}
  m_PrefabInternal: {fileID: 100100000}
  serializedVersion: 5
  m_Component:
  - component: {fileID: 466388}
  - component: {fileID: 1549040}
  - component: {fileID: 2602340}
  - component: {fileID: 1207862}
  m_Layer: 0
  m_Name: Explosion
  m_TagString: Untagged
  m_Icon: {fileID: 0}
  m_NavMeshLayer: 0
  m_StaticEditorFlags: 0
  m_IsActive: 1
--- !u!1 &129418
GameObject:
  m_ObjectHideFlags: 0
  m_PrefabParentObject: {fileID: 0}
  m_PrefabInternal: {fileID: 100100000}
  serializedVersion: 5
  m_Component:
  - component: {fileID: 414798}
  - component: {fileID: 3322652}
  - component: {fileID: 2320222}
  m_Layer: 0
  m_Name: Plane
  m_TagString: Untagged
  m_Icon: {fileID: 0}
  m_NavMeshLayer: 0
  m_StaticEditorFlags: 0
  m_IsActive: 1
--- !u!1 &176376
GameObject:
  m_ObjectHideFlags: 0
  m_PrefabParentObject: {fileID: 0}
  m_PrefabInternal: {fileID: 100100000}
  serializedVersion: 5
  m_Component:
  - component: {fileID: 418300}
  - component: {fileID: 11499292}
  m_Layer: 0
  m_Name: Plane
  m_TagString: Plane
  m_Icon: {fileID: 0}
  m_NavMeshLayer: 0
  m_StaticEditorFlags: 0
  m_IsActive: 1
--- !u!4 &414798
Transform:
  m_ObjectHideFlags: 1
  m_PrefabParentObject: {fileID: 0}
  m_PrefabInternal: {fileID: 100100000}
  m_GameObject: {fileID: 129418}
  m_LocalRotation: {x: -0.7071068, y: 0.000000061817246, z: 0.000000061817246, w: 0.7071068}
  m_LocalPosition: {x: 0.0006177501, y: -0.19550827, z: -0.6456083}
  m_LocalScale: {x: 0.45391944, y: 0.64845645, z: 0.64845645}
  m_Children: []
  m_Father: {fileID: 418300}
  m_RootOrder: 0
  m_LocalEulerAnglesHint: {x: 0, y: 0, z: 0}
--- !u!4 &418300
Transform:
  m_ObjectHideFlags: 1
  m_PrefabParentObject: {fileID: 0}
  m_PrefabInternal: {fileID: 100100000}
  m_GameObject: {fileID: 176376}
  m_LocalRotation: {x: 0, y: 0.70710665, z: 0, w: 0.70710695}
  m_LocalPosition: {x: -38.21, y: 0.59150237, z: 31.73}
  m_LocalScale: {x: 3, y: 3, z: 3}
  m_Children:
  - {fileID: 414798}
  - {fileID: 443132}
  - {fileID: 466388}
  m_Father: {fileID: 0}
  m_RootOrder: 0
  m_LocalEulerAnglesHint: {x: 0, y: 0, z: 0}
--- !u!4 &443132
Transform:
  m_ObjectHideFlags: 1
  m_PrefabParentObject: {fileID: 0}
  m_PrefabInternal: {fileID: 100100000}
  m_GameObject: {fileID: 103900}
  m_LocalRotation: {x: -0.7071068, y: 0.000000022476453, z: 0.000000039340783, w: 0.70710677}
  m_LocalPosition: {x: -0.00061838585, y: 0.19550827, z: 0.64560956}
  m_LocalScale: {x: 1, y: 1, z: 1}
  m_Children: []
  m_Father: {fileID: 418300}
  m_RootOrder: 1
  m_LocalEulerAnglesHint: {x: 0, y: 0, z: 0}
--- !u!4 &466388
Transform:
  m_ObjectHideFlags: 1
  m_PrefabParentObject: {fileID: 0}
  m_PrefabInternal: {fileID: 100100000}
  m_GameObject: {fileID: 117880}
  m_LocalRotation: {x: -2.469492e-10, y: -0.662049, z: -4.115751e-10, w: 0.7494606}
  m_LocalPosition: {x: -0.47, y: -0.029167455, z: -0.68}
  m_LocalScale: {x: 0.16666664, y: 0.16666666, z: 0.16666669}
  m_Children: []
  m_Father: {fileID: 418300}
  m_RootOrder: 2
  m_LocalEulerAnglesHint: {x: 0, y: 0, z: 0}
--- !u!12 &1207862
ParticleAnimator:
  m_ObjectHideFlags: 1
  m_PrefabParentObject: {fileID: 0}
  m_PrefabInternal: {fileID: 100100000}
  m_GameObject: {fileID: 117880}
  Does Animate Color?: 1
  colorAnimation[0]:
    serializedVersion: 2
    rgba: 167772415
  colorAnimation[1]:
    serializedVersion: 2
    rgba: 4278218751
  colorAnimation[2]:
    serializedVersion: 2
    rgba: 4280322815
  colorAnimation[3]:
    serializedVersion: 2
    rgba: 4278229503
  colorAnimation[4]:
    serializedVersion: 2
    rgba: 793622783
  worldRotationAxis: {x: 0, y: 0, z: 0}
  localRotationAxis: {x: 0, y: 0, z: 0}
  sizeGrow: 0
  rndForce: {x: 0, y: 0, z: 0}
  force: {x: 0, y: 0, z: 0}
  damping: 1
  stopSimulation: 0
  autodestruct: 0
--- !u!15 &1549040
EllipsoidParticleEmitter:
  m_ObjectHideFlags: 1
  m_PrefabParentObject: {fileID: 0}
  m_PrefabInternal: {fileID: 100100000}
  m_GameObject: {fileID: 117880}
  serializedVersion: 2
  m_Enabled: 1
  m_Emit: 0
  minSize: 1.7
  maxSize: 2
  minEnergy: 0.2
  maxEnergy: 1
  minEmission: 500
  maxEmission: 700
  worldVelocity: {x: 0, y: 0, z: 0}
  localVelocity: {x: 0, y: 0, z: 0}
  rndVelocity: {x: 3, y: 0, z: 3}
  emitterVelocityScale: 0.05
  tangentVelocity: {x: 0, y: 0, z: 0}
  angularVelocity: 0
  rndAngularVelocity: 0
  rndRotation: 0
  Simulate in Worldspace?: 1
  m_OneShot: 1
  m_Ellipsoid: {x: 3, y: 3, z: 3}
  m_MinEmitterRange: 0
--- !u!23 &2320222
MeshRenderer:
  m_ObjectHideFlags: 1
  m_PrefabParentObject: {fileID: 0}
  m_PrefabInternal: {fileID: 100100000}
  m_GameObject: {fileID: 129418}
  m_Enabled: 1
  m_CastShadows: 1
  m_ReceiveShadows: 1
  m_MotionVectors: 1
  m_LightProbeUsage: 1
  m_ReflectionProbeUsage: 1
  m_Materials:
  - {fileID: 2100000, guid: 4ad5ee06b88e1824a8aa22efa4777ba4, type: 2}
  m_StaticBatchInfo:
    firstSubMesh: 0
    subMeshCount: 0
  m_StaticBatchRoot: {fileID: 0}
  m_ProbeAnchor: {fileID: 0}
  m_LightProbeVolumeOverride: {fileID: 0}
  m_ScaleInLightmap: 1
  m_PreserveUVs: 0
  m_IgnoreNormalsForChartDetection: 0
  m_ImportantGI: 0
  m_SelectedEditorRenderState: 3
  m_MinimumChartSize: 4
  m_AutoUVMaxDistance: 0.5
  m_AutoUVMaxAngle: 89
  m_LightmapParameters: {fileID: 0}
  m_SortingLayerID: 0
  m_SortingLayer: 0
  m_SortingOrder: 0
--- !u!23 &2391972
MeshRenderer:
  m_ObjectHideFlags: 1
  m_PrefabParentObject: {fileID: 0}
  m_PrefabInternal: {fileID: 100100000}
  m_GameObject: {fileID: 103900}
  m_Enabled: 1
  m_CastShadows: 1
  m_ReceiveShadows: 1
  m_MotionVectors: 1
  m_LightProbeUsage: 1
  m_ReflectionProbeUsage: 1
  m_Materials:
  - {fileID: 2100000, guid: 4ad5ee06b88e1824a8aa22efa4777ba4, type: 2}
  m_StaticBatchInfo:
    firstSubMesh: 0
    subMeshCount: 0
  m_StaticBatchRoot: {fileID: 0}
  m_ProbeAnchor: {fileID: 0}
  m_LightProbeVolumeOverride: {fileID: 0}
  m_ScaleInLightmap: 1
  m_PreserveUVs: 0
  m_IgnoreNormalsForChartDetection: 0
  m_ImportantGI: 0
  m_SelectedEditorRenderState: 3
  m_MinimumChartSize: 4
  m_AutoUVMaxDistance: 0.5
  m_AutoUVMaxAngle: 89
  m_LightmapParameters: {fileID: 0}
  m_SortingLayerID: 0
  m_SortingLayer: 0
  m_SortingOrder: 0
--- !u!26 &2602340
ParticleRenderer:
  m_ObjectHideFlags: 1
  m_PrefabParentObject: {fileID: 0}
  m_PrefabInternal: {fileID: 100100000}
  m_GameObject: {fileID: 117880}
  m_Enabled: 1
  m_CastShadows: 0
  m_ReceiveShadows: 0
  m_MotionVectors: 1
  m_LightProbeUsage: 1
  m_ReflectionProbeUsage: 1
  m_Materials:
  - {fileID: 10301, guid: 0000000000000000f000000000000000, type: 0}
  m_StaticBatchInfo:
    firstSubMesh: 0
    subMeshCount: 0
  m_StaticBatchRoot: {fileID: 0}
  m_ProbeAnchor: {fileID: 0}
  m_LightProbeVolumeOverride: {fileID: 0}
  m_ScaleInLightmap: 1
  m_PreserveUVs: 0
  m_IgnoreNormalsForChartDetection: 0
  m_ImportantGI: 0
  m_SelectedEditorRenderState: 3
  m_MinimumChartSize: 4
  m_AutoUVMaxDistance: 0.5
  m_AutoUVMaxAngle: 89
  m_LightmapParameters: {fileID: 0}
  m_SortingLayerID: 0
  m_SortingLayer: 0
  m_SortingOrder: 0
  serializedVersion: 2
  m_CameraVelocityScale: 0
  m_StretchParticles: 0
  m_LengthScale: 2
  m_VelocityScale: 0
  m_MaxParticleSize: 0.25
  UV Animation:
    x Tile: 1
    y Tile: 1
    cycles: 1
--- !u!33 &3322652
MeshFilter:
  m_ObjectHideFlags: 1
  m_PrefabParentObject: {fileID: 0}
  m_PrefabInternal: {fileID: 100100000}
  m_GameObject: {fileID: 129418}
  m_Mesh: {fileID: 4300000, guid: 9a650fce17428b24fbe077742621a7c9, type: 3}
--- !u!33 &3336054
MeshFilter:
  m_ObjectHideFlags: 1
  m_PrefabParentObject: {fileID: 0}
  m_PrefabInternal: {fileID: 100100000}
  m_GameObject: {fileID: 103900}
  m_Mesh: {fileID: 4300002, guid: 9a650fce17428b24fbe077742621a7c9, type: 3}
--- !u!114 &11499292
MonoBehaviour:
  m_ObjectHideFlags: 1
  m_PrefabParentObject: {fileID: 0}
  m_PrefabInternal: {fileID: 100100000}
  m_GameObject: {fileID: 176376}
  m_Enabled: 1
  m_EditorHideFlags: 0
  m_Script: {fileID: 11500000, guid: ef09ea0e63b302d439c613811e9d07de, type: 3}
  m_Name: 
  m_EditorClassIdentifier: 
  enemyType: 2
  Explosion: {fileID: 1549040}
  HealthBar: {fileID: 0}
  Health: 0
  Speed: 0
  current_health: 0
  DamageByBurning: 0
--- !u!1001 &100100000
Prefab:
  m_ObjectHideFlags: 1
  serializedVersion: 2
  m_Modification:
    m_TransformParent: {fileID: 0}
    m_Modifications: []
    m_RemovedComponents: []
  m_ParentPrefab: {fileID: 0}
  m_RootGameObject: {fileID: 176376}
  m_IsPrefabParent: 1
