%YAML 1.1
%TAG !u! tag:unity3d.com,2011:
--- !u!1 &115114
GameObject:
  m_ObjectHideFlags: 0
  m_PrefabParentObject: {fileID: 0}
  m_PrefabInternal: {fileID: 100100000}
  serializedVersion: 5
  m_Component:
  - component: {fileID: 402136}
  - component: {fileID: 11476928}
  m_Layer: 0
  m_Name: Tank
  m_TagString: Untagged
  m_Icon: {fileID: 0}
  m_NavMeshLayer: 0
  m_StaticEditorFlags: 0
  m_IsActive: 1
--- !u!1 &132480
GameObject:
  m_ObjectHideFlags: 0
  m_PrefabParentObject: {fileID: 0}
  m_PrefabInternal: {fileID: 100100000}
  serializedVersion: 5
  m_Component:
  - component: {fileID: 498142}
  - component: {fileID: 1504986}
  - component: {fileID: 2678764}
  - component: {fileID: 1237320}
  m_Layer: 0
  m_Name: Explosion
  m_TagString: Untagged
  m_Icon: {fileID: 0}
  m_NavMeshLayer: 0
  m_StaticEditorFlags: 0
  m_IsActive: 1
--- !u!1 &172224
GameObject:
  m_ObjectHideFlags: 0
  m_PrefabParentObject: {fileID: 0}
  m_PrefabInternal: {fileID: 100100000}
  serializedVersion: 5
  m_Component:
  - component: {fileID: 487758}
  - component: {fileID: 3318312}
  - component: {fileID: 2371530}
  m_Layer: 0
  m_Name: Body
  m_TagString: Untagged
  m_Icon: {fileID: 0}
  m_NavMeshLayer: 0
  m_StaticEditorFlags: 0
  m_IsActive: 1
--- !u!4 &402136
Transform:
  m_ObjectHideFlags: 1
  m_PrefabParentObject: {fileID: 0}
  m_PrefabInternal: {fileID: 100100000}
  m_GameObject: {fileID: 115114}
  m_LocalRotation: {x: -0.0000001658357, y: 0.707106, z: -0.0000000035818029, w: 0.7071076}
  m_LocalPosition: {x: -50.332546, y: 0, z: 34.05}
  m_LocalScale: {x: 2, y: 2, z: 2}
  m_Children:
  - {fileID: 487758}
  - {fileID: 498142}
  m_Father: {fileID: 0}
  m_RootOrder: 0
  m_LocalEulerAnglesHint: {x: 0, y: 0, z: 0}
--- !u!4 &487758
Transform:
  m_ObjectHideFlags: 1
  m_PrefabParentObject: {fileID: 0}
  m_PrefabInternal: {fileID: 100100000}
  m_GameObject: {fileID: 172224}
  m_LocalRotation: {x: -0.00000015080252, y: 0.70710677, z: 0.7071068, w: -0.000000061395546}
  m_LocalPosition: {x: 0, y: 0, z: 0}
  m_LocalScale: {x: 1, y: 1, z: 1}
  m_Children: []
  m_Father: {fileID: 402136}
  m_RootOrder: 0
  m_LocalEulerAnglesHint: {x: 0, y: 0, z: 0}
--- !u!4 &498142
Transform:
  m_ObjectHideFlags: 1
  m_PrefabParentObject: {fileID: 0}
  m_PrefabInternal: {fileID: 100100000}
  m_GameObject: {fileID: 132480}
  m_LocalRotation: {x: 0.00000015476054, y: -0.6620483, z: 0.000000024361842, w: 0.74946123}
  m_LocalPosition: {x: -0.29999933, y: 0.24999985, z: -0.019999739}
  m_LocalScale: {x: 0.2500001, y: 0.24999997, z: 0.25000006}
  m_Children: []
  m_Father: {fileID: 402136}
  m_RootOrder: 1
  m_LocalEulerAnglesHint: {x: 0, y: 0, z: 0}
--- !u!12 &1237320
ParticleAnimator:
  m_ObjectHideFlags: 1
  m_PrefabParentObject: {fileID: 0}
  m_PrefabInternal: {fileID: 100100000}
  m_GameObject: {fileID: 132480}
  Does Animate Color?: 1
  colorAnimation[0]:
    serializedVersion: 2
    rgba: 167772415
  colorAnimation[1]:
    serializedVersion: 2
    rgba: 4278218751
  colorAnimation[2]:
    serializedVersion: 2
    rgba: 4280322815
  colorAnimation[3]:
    serializedVersion: 2
    rgba: 4278229503
  colorAnimation[4]:
    serializedVersion: 2
    rgba: 793622783
  worldRotationAxis: {x: 0, y: 0, z: 0}
  localRotationAxis: {x: 0, y: 0, z: 0}
  sizeGrow: 0
  rndForce: {x: 0, y: 0, z: 0}
  force: {x: 0, y: 0, z: 0}
  damping: 1
  stopSimulation: 0
  autodestruct: 0
--- !u!15 &1504986
EllipsoidParticleEmitter:
  m_ObjectHideFlags: 1
  m_PrefabParentObject: {fileID: 0}
  m_PrefabInternal: {fileID: 100100000}
  m_GameObject: {fileID: 132480}
  serializedVersion: 2
  m_Enabled: 1
  m_Emit: 0
  minSize: 1.7
  maxSize: 2
  minEnergy: 0.2
  maxEnergy: 1
  minEmission: 500
  maxEmission: 700
  worldVelocity: {x: 0, y: 0, z: 0}
  localVelocity: {x: 0, y: 0, z: 0}
  rndVelocity: {x: 3, y: 0, z: 3}
  emitterVelocityScale: 0.05
  tangentVelocity: {x: 0, y: 0, z: 0}
  angularVelocity: 0
  rndAngularVelocity: 0
  rndRotation: 0
  Simulate in Worldspace?: 1
  m_OneShot: 1
  m_Ellipsoid: {x: 3, y: 3, z: 3}
  m_MinEmitterRange: 0
--- !u!23 &2371530
MeshRenderer:
  m_ObjectHideFlags: 1
  m_PrefabParentObject: {fileID: 0}
  m_PrefabInternal: {fileID: 100100000}
  m_GameObject: {fileID: 172224}
  m_Enabled: 1
  m_CastShadows: 1
  m_ReceiveShadows: 1
  m_MotionVectors: 1
  m_LightProbeUsage: 1
  m_ReflectionProbeUsage: 1
  m_Materials:
  - {fileID: 2100000, guid: 4f7bc686ace6e7b48ab5ac50027c2b7f, type: 2}
  - {fileID: 2100000, guid: 4f7bc686ace6e7b48ab5ac50027c2b7f, type: 2}
  m_StaticBatchInfo:
    firstSubMesh: 0
    subMeshCount: 0
  m_StaticBatchRoot: {fileID: 0}
  m_ProbeAnchor: {fileID: 0}
  m_LightProbeVolumeOverride: {fileID: 0}
  m_ScaleInLightmap: 1
  m_PreserveUVs: 0
  m_IgnoreNormalsForChartDetection: 0
  m_ImportantGI: 0
  m_SelectedEditorRenderState: 3
  m_MinimumChartSize: 4
  m_AutoUVMaxDistance: 0.5
  m_AutoUVMaxAngle: 89
  m_LightmapParameters: {fileID: 0}
  m_SortingLayerID: 0
  m_SortingLayer: 0
  m_SortingOrder: 0
--- !u!26 &2678764
ParticleRenderer:
  m_ObjectHideFlags: 1
  m_PrefabParentObject: {fileID: 0}
  m_PrefabInternal: {fileID: 100100000}
  m_GameObject: {fileID: 132480}
  m_Enabled: 1
  m_CastShadows: 0
  m_ReceiveShadows: 0
  m_MotionVectors: 1
  m_LightProbeUsage: 1
  m_ReflectionProbeUsage: 1
  m_Materials:
  - {fileID: 10301, guid: 0000000000000000f000000000000000, type: 0}
  m_StaticBatchInfo:
    firstSubMesh: 0
    subMeshCount: 0
  m_StaticBatchRoot: {fileID: 0}
  m_ProbeAnchor: {fileID: 0}
  m_LightProbeVolumeOverride: {fileID: 0}
  m_ScaleInLightmap: 1
  m_PreserveUVs: 0
  m_IgnoreNormalsForChartDetection: 0
  m_ImportantGI: 0
  m_SelectedEditorRenderState: 3
  m_MinimumChartSize: 4
  m_AutoUVMaxDistance: 0.5
  m_AutoUVMaxAngle: 89
  m_LightmapParameters: {fileID: 0}
  m_SortingLayerID: 0
  m_SortingLayer: 0
  m_SortingOrder: 0
  serializedVersion: 2
  m_CameraVelocityScale: 0
  m_StretchParticles: 0
  m_LengthScale: 2
  m_VelocityScale: 0
  m_MaxParticleSize: 0.25
  UV Animation:
    x Tile: 1
    y Tile: 1
    cycles: 1
--- !u!33 &3318312
MeshFilter:
  m_ObjectHideFlags: 1
  m_PrefabParentObject: {fileID: 0}
  m_PrefabInternal: {fileID: 100100000}
  m_GameObject: {fileID: 172224}
  m_Mesh: {fileID: 4300000, guid: c4296432d0590d64292b21a85cbb809b, type: 3}
--- !u!114 &11476928
MonoBehaviour:
  m_ObjectHideFlags: 1
  m_PrefabParentObject: {fileID: 0}
  m_PrefabInternal: {fileID: 100100000}
  m_GameObject: {fileID: 115114}
  m_Enabled: 1
  m_EditorHideFlags: 0
  m_Script: {fileID: 11500000, guid: ef09ea0e63b302d439c613811e9d07de, type: 3}
  m_Name: 
  m_EditorClassIdentifier: 
  enemyType: 1
  Explosion: {fileID: 1504986}
  HealthBar: {fileID: 0}
  Health: 0
  Speed: 0
  current_health: 0
  DamageByBurning: 0
--- !u!1001 &100100000
Prefab:
  m_ObjectHideFlags: 1
  serializedVersion: 2
  m_Modification:
    m_TransformParent: {fileID: 0}
    m_Modifications: []
    m_RemovedComponents: []
  m_ParentPrefab: {fileID: 0}
  m_RootGameObject: {fileID: 115114}
  m_IsPrefabParent: 1
